/home/ochir/tex/biblio/santorini.bib