@inproceedings{oz06,
  title={Amenable actions and applications},
  author={zawa, Narutaka},
  booktitle={International Congress of Mathematicians},
  volume={2},
  pages={1563--1580},
  year={2006}
}
